% Protein Language
@article{bepler2021learning,
	title={Learning the protein language: Evolution, structure, and function},
	author={Bepler, Tristan and Berger, Bonnie},
	journal={Cell systems},
	volume={12},
	number={6},
	pages={654--669},
	year={2021},
	publisher={Elsevier}
}
@article{ofer2021language,
	title={The language of proteins: NLP, machine learning \& protein sequences},
	author={Ofer, Dan and Brandes, Nadav and Linial, Michal},
	journal={Computational and Structural Biotechnology Journal},
	volume={19},
	pages={1750--1758},
	year={2021},
	publisher={Elsevier}
}

% Protein engineering and protein fitness landscape understanding
@article{pan2021recent,
	title={Recent advances in de novo protein design: Principles, methods, and applications},
	author={Pan, Xingjie and Kortemme, Tanja},
	journal={Journal of Biological Chemistry},
	volume={296},
	year={2021},
	publisher={ASBMB}
}
@inproceedings{ren2022proximal,
	title={Proximal exploration for model-guided protein sequence design},
	author={Ren, Zhizhou and Li, Jiahan and Ding, Fan and Zhou, Yuan and Ma, Jianzhu and Peng, Jian},
	booktitle={International Conference on Machine Learning},
	pages={18520--18536},
	year={2022},
	organization={PMLR}
}
@inproceedings{song2023importance,
	title={Importance weighted expectation-maximization for protein sequence design},
	author={Song, Zhenqiao and Li, Lei},
	booktitle={International Conference on Machine Learning},
	pages={32349--32364},
	year={2023},
	organization={PMLR}
}

@article{wang2023instructprotein,
	title={Instructprotein: Aligning human and protein language via knowledge instruction},
	author={Wang, Zeyuan and Zhang, Qiang and Ding, Keyan and Qin, Ming and Zhuang, Xiang and Li, Xiaotong and Chen, Huajun},
	journal={arXiv preprint arXiv:2310.03269},
	year={2023}
}

@article{strokach2022deep,
	title={Deep generative modeling for protein design},
	author={Strokach, Alexey and Kim, Philip M},
	journal={Current opinion in structural biology},
	volume={72},
	pages={226--236},
	year={2022},
	publisher={Elsevier}
}
@article{ferruz2022controllable,
	title={Controllable protein design with language models},
	author={Ferruz, Noelia and H{\"o}cker, Birte},
	journal={Nature Machine Intelligence},
	volume={4},
	number={6},
	pages={521--532},
	year={2022},
	publisher={Nature Publishing Group UK London}
}
@article{yang2018learned,
	title={Learned protein embeddings for machine learning},
	author={Yang, Kevin K and Wu, Zachary and Bedbrook, Claire N and Arnold, Frances H},
	journal={Bioinformatics},
	volume={34},
	number={15},
	pages={2642--2648},
	year={2018},
	publisher={Oxford University Press}
}
@article{alley2019unified,
	title={Unified rational protein engineering with sequence-based deep representation learning},
	author={Alley, Ethan C and Khimulya, Grigory and Biswas, Surojit and AlQuraishi, Mohammed and Church, George M},
	journal={Nature methods},
	volume={16},
	number={12},
	pages={1315--1322},
	year={2019},
	publisher={Nature Publishing Group US New York}
}
@inproceedings{rao2021msa,
	title={MSA transformer},
	author={Rao, Roshan M and Liu, Jason and Verkuil, Robert and Meier, Joshua and Canny, John and Abbeel, Pieter and Sercu, Tom and Rives, Alexander},
	booktitle={International Conference on Machine Learning},
	pages={8844--8856},
	year={2021},
	organization={PMLR}
}
@article{elnaggar2021prottrans,
	title={Prottrans: Toward understanding the language of life through self-supervised learning},
	author={Elnaggar, Ahmed and Heinzinger, Michael and Dallago, Christian and Rehawi, Ghalia and Wang, Yu and Jones, Llion and Gibbs, Tom and Feher, Tamas and Angerer, Christoph and Steinegger, Martin and others},
	journal={IEEE transactions on pattern analysis and machine intelligence},
	volume={44},
	number={10},
	pages={7112--7127},
	year={2021},
	publisher={IEEE}
}
@inproceedings{zheng2023structure,
	title={Structure-informed language models are protein designers},
	author={Zheng, Zaixiang and Deng, Yifan and Xue, Dongyu and Zhou, Yi and Ye, Fei and Gu, Quanquan},
	booktitle={International conference on machine learning},
	pages={42317--42338},
	year={2023},
	organization={PMLR}
}
@article{moffat2022design,
	title={Design in the DARK: learning deep generative models for De Novo protein design},
	author={Moffat, Lewis and Kandathil, Shaun M and Jones, David T},
	journal={bioRxiv},
	pages={2022--01},
	year={2022},
	publisher={Cold Spring Harbor Laboratory}
}
@article{brandes2022proteinbert,
	title={ProteinBERT: a universal deep-learning model of protein sequence and function},
	author={Brandes, Nadav and Ofer, Dan and Peleg, Yam and Rappoport, Nadav and Linial, Michal},
	journal={Bioinformatics},
	volume={38},
	number={8},
	pages={2102--2110},
	year={2022},
	publisher={Oxford University Press}
}
@inproceedings{notin2022tranception,
	title={Tranception: protein fitness prediction with autoregressive transformers and inference-time retrieval},
	author={Notin, Pascal and Dias, Mafalda and Frazer, Jonathan and Hurtado, Javier Marchena and Gomez, Aidan N and Marks, Debora and Gal, Yarin},
	booktitle={International Conference on Machine Learning},
	pages={16990--17017},
	year={2022},
	organization={PMLR}
}
@inproceedings{xu2023protst,
	title={Protst: Multi-modality learning of protein sequences and biomedical texts},
	author={Xu, Minghao and Yuan, Xinyu and Miret, Santiago and Tang, Jian},
	booktitle={International Conference on Machine Learning},
	pages={38749--38767},
	year={2023},
	organization={PMLR}
}
@article{lin2023evolutionary,
	title={Evolutionary-scale prediction of atomic-level protein structure with a language model},
	author={Lin, Zeming and Akin, Halil and Rao, Roshan and Hie, Brian and Zhu, Zhongkai and Lu, Wenting and Smetanin, Nikita and Verkuil, Robert and Kabeli, Ori and Shmueli, Yaniv and others},
	journal={Science},
	volume={379},
	number={6637},
	pages={1123--1130},
	year={2023},
	publisher={American Association for the Advancement of Science}
}
@article{madani2023large,
	title={Large language models generate functional protein sequences across diverse families},
	author={Madani, Ali and Krause, Ben and Greene, Eric R and Subramanian, Subu and Mohr, Benjamin P and Holton, James M and Olmos, Jose Luis and Xiong, Caiming and Sun, Zachary Z and Socher, Richard and others},
	journal={Nature Biotechnology},
	volume={41},
	number={8},
	pages={1099--1106},
	year={2023},
	publisher={Nature Publishing Group}
}
@article{nijkamp2023progen2,
	title={Progen2: exploring the boundaries of protein language models},
	author={Nijkamp, Erik and Ruffolo, Jeffrey A and Weinstein, Eli N and Naik, Nikhil and Madani, Ali},
	journal={Cell systems},
	volume={14},
	number={11},
	pages={968--978},
	year={2023},
	publisher={Elsevier}
}
@article{rives2021biological,
	title={Biological structure and function emerge from scaling unsupervised learning to 250 million protein sequences},
	author={Rives, Alexander and Meier, Joshua and Sercu, Tom and Goyal, Siddharth and Lin, Zeming and Liu, Jason and Guo, Demi and Ott, Myle and Zitnick, C Lawrence and Ma, Jerry and others},
	journal={Proceedings of the National Academy of Sciences},
	volume={118},
	number={15},
	pages={e2016239118},
	year={2021},
	publisher={National Acad Sciences}
}
@article{ferruz2022protgpt2,
	title={ProtGPT2 is a deep unsupervised language model for protein design},
	author={Ferruz, Noelia and Schmidt, Steffen and H{\"o}cker, Birte},
	journal={Nature communications},
	volume={13},
	number={1},
	pages={4348},
	year={2022},
	publisher={Nature Publishing Group UK London}
}
@article{lv2024prollama,
	title={ProLLaMA: A Protein Large Language Model for Multi-Task Protein Language Processing},
	author={Lv, Liuzhenghao and Lin, Zongying and Li, Hao and Liu, Yuyang and Cui, Jiaxi and Chen, Calvin Yu-Chian and Yuan, Li and Tian, Yonghong},
	journal={arXiv preprint arXiv:2402.16445},
	year={2024}
}
@article{jumper2021highly,
	title={Highly accurate protein structure prediction with AlphaFold},
	author={Jumper, John and Evans, Richard and Pritzel, Alexander and Green, Tim and Figurnov, Michael and Ronneberger, Olaf and Tunyasuvunakool, Kathryn and Bates, Russ and {\v{Z}}{\'\i}dek, Augustin and Potapenko, Anna and others},
	journal={Nature},
	volume={596},
	number={7873},
	pages={583--589},
	year={2021},
	publisher={Nature Publishing Group}
}
@article{alamdari2023protein,
	title={Protein generation with evolutionary diffusion: sequence is all you need},
	author={Alamdari, Sarah and Thakkar, Nitya and van den Berg, Rianne and Lu, Alex Xijie and Fusi, Nicolo and Amini, Ava Pardis and Yang, Kevin K},
	journal={bioRxiv},
	pages={2023--09},
	year={2023},
	publisher={Cold Spring Harbor Laboratory}
}
@article{zhang2004scoring,
	title={Scoring function for automated assessment of protein structure template quality},
	author={Zhang, Yang and Skolnick, Jeffrey},
	journal={Proteins: Structure, Function, and Bioinformatics},
	volume={57},
	number={4},
	pages={702--710},
	year={2004},
	publisher={Wiley Online Library}
}
@article{varadi2022alphafold,
	title={AlphaFold Protein Structure Database: massively expanding the structural coverage of protein-sequence space with high-accuracy models},
	author={Varadi, Mihaly and Anyango, Stephen and Deshpande, Mandar and Nair, Sreenath and Natassia, Cindy and Yordanova, Galabina and Yuan, David and Stroe, Oana and Wood, Gemma and Laydon, Agata and others},
	journal={Nucleic acids research},
	volume={50},
	number={D1},
	pages={D439--D444},
	year={2022},
	publisher={Oxford University Press}
}
@article{berman2002protein,
	title={The protein data bank},
	author={Berman, Helen M and Battistuz, Tammy and Bhat, Talapady N and Bluhm, Wolfgang F and Bourne, Philip E and Burkhardt, Kyle and Feng, Zukang and Gilliland, Gary L and Iype, Lisa and Jain, Shri and others},
	journal={Acta Crystallographica Section D: Biological Crystallography},
	volume={58},
	number={6},
	pages={899--907},
	year={2002},
	publisher={International Union of Crystallography}
}
@article{suzek2015uniref,
	title={UniRef clusters: a comprehensive and scalable alternative for improving sequence similarity searches},
	author={Suzek, Baris E and Wang, Yuqi and Huang, Hongzhan and McGarvey, Peter B and Wu, Cathy H and UniProt Consortium},
	journal={Bioinformatics},
	volume={31},
	number={6},
	pages={926--932},
	year={2015},
	publisher={Oxford University Press}
}
@article{paysan2023interpro,
	title={InterPro in 2022},
	author={Paysan-Lafosse, Typhaine and Blum, Matthias and Chuguransky, Sara and Grego, Tiago and Pinto, Beatriz L{\'a}zaro and Salazar, Gustavo A and Bileschi, Maxwell L and Bork, Peer and Bridge, Alan and Colwell, Lucy and others},
	journal={Nucleic acids research},
	volume={51},
	number={D1},
	pages={D418--D427},
	year={2023},
	publisher={Oxford University Press}
}

%LoRA
@article{hu2021lora,
	title={Lora: Low-rank adaptation of large language models},
	author={Hu, Edward J and Shen, Yelong and Wallis, Phillip and Allen-Zhu, Zeyuan and Li, Yuanzhi and Wang, Shean and Wang, Lu and Chen, Weizhu},
	journal={arXiv preprint arXiv:2106.09685},
	year={2021}
}